<?xml version="1.0" encoding="UTF-8"?>
<record xmlns="http://www.loc.gov/MARC21/slim" xmlns:xsi="http://www.w3.org/2001/XMLSchema-instance" xsi:schemaLocation="http://www.loc.gov/MARC21/slim http://www.loc.gov/standards/marcxml/schema/MARC21slim.xsd">
<leader>00000cam a22      i 4500</leader>
<controlfield tag="001">001677992</controlfield>
<controlfield tag="003">NNU</controlfield>
<controlfield tag="005">20150608162757.0</controlfield>
<controlfield tag="008">890514s1968    iq            000 0 araod</controlfield>
<datafield tag="010" ind1=" " ind2=" ">
<subfield code="a">   77251801</subfield>
</datafield>
<datafield tag="035" ind1=" " ind2=" ">
<subfield code="a">(OCoLC)23504811</subfield>
</datafield>
<datafield tag="040" ind1=" " ind2=" ">
<subfield code="a">EYM</subfield>
<subfield code="b">eng</subfield>
<subfield code="c">EYM</subfield>
<subfield code="d">CGU</subfield>
<subfield code="d">OCLCG</subfield>
<subfield code="d">OCLCA</subfield>
<subfield code="d">OCLCQ</subfield>
<subfield code="d">OCLCO</subfield>
<subfield code="d">OCLCA</subfield>
<subfield code="d">OCLCF</subfield>
<subfield code="d">OCLCQ</subfield>
<subfield code="d">NNU</subfield>
</datafield>
<datafield tag="050" ind1=" " ind2="4">
<subfield code="a">BP193.1</subfield>
<subfield code="b">.B3 1968</subfield>
</datafield>
<datafield tag="100" ind1="1" ind2=" ">
<subfield code="6">880-01</subfield>
<subfield code="a">Baltistānī, Muḥsin ʻAlī,</subfield>
<subfield code="d">1941-</subfield>
</datafield>
<datafield tag="245" ind1="1" ind2="3">
<subfield code="6">880-02</subfield>
<subfield code="a">al-Nahj al-sawī fī maʻná al-mawlá wa-al-walī :</subfield>
<subfield code="b">yubḥath fīhi ʻan maʻná al-mawlá wa-al-walī fī al-ḥadīth al-nabawī wa-al-āyah kitāban wa-sunnatan wa-adaban, wa-yataḍamman bukhūkh aʼimmat al-lughah wa-ḥamalat al-ʻilm wa-al-adab wa-ṣayārifat al-akhbār wa-al-āthār lil-maʻná al-mutaṣaddá ithbātuhu /</subfield>
<subfield code="c">taʼlīf Muḥsin ʻAlī al-Baltistānī al-Bākistānī.</subfield>
</datafield>
<datafield tag="260" ind1=" " ind2=" ">
<subfield code="6">880-03</subfield>
<subfield code="a">al-Najaf :</subfield>
<subfield code="b">Maṭbaʻat al-Ādāb,</subfield>
<subfield code="c">1968.</subfield>
</datafield>
<datafield tag="300" ind1=" " ind2=" ">
<subfield code="a">6, 136 pages ;</subfield>
<subfield code="c">25 cm</subfield>
</datafield>
<datafield tag="336" ind1=" " ind2=" ">
<subfield code="a">text</subfield>
<subfield code="b">txt</subfield>
<subfield code="2">rdacontent</subfield>
</datafield>
<datafield tag="337" ind1=" " ind2=" ">
<subfield code="a">unmediated</subfield>
<subfield code="b">n</subfield>
<subfield code="2">rdamedia</subfield>
</datafield>
<datafield tag="338" ind1=" " ind2=" ">
<subfield code="a">volume</subfield>
<subfield code="b">nc</subfield>
<subfield code="2">rdacarrier</subfield>
</datafield>
<datafield tag="500" ind1=" " ind2=" ">
<subfield code="a">Romanized.</subfield>
</datafield>
<datafield tag="530" ind1=" " ind2=" ">
<subfield code="a">Also issued online.</subfield>
</datafield>
<datafield tag="650" ind1=" " ind2="0">
<subfield code="a">Imamate.</subfield>
</datafield>
<datafield tag="600" ind1="0" ind2="0">
<subfield code="6">880-04</subfield>
<subfield code="a">ʻAlī ibn Abī Ṭālib,</subfield>
<subfield code="c">Caliph,</subfield>
<subfield code="d">approximately 600-661.</subfield>
</datafield>
<datafield tag="600" ind1="0" ind2="7">
<subfield code="a">ʻAlī ibn Abī Ṭālib,</subfield>
<subfield code="c">Caliph,</subfield>
<subfield code="d">approximately 600-661</subfield>
<subfield code="2">fast</subfield>
<subfield code="0">(OCoLC)fst01804105</subfield>
</datafield>
<datafield tag="650" ind1=" " ind2="7">
<subfield code="a">Imamate.</subfield>
<subfield code="2">fast</subfield>
<subfield code="0">(OCoLC)fst00967643</subfield>
</datafield>
<datafield tag="776" ind1="0" ind2="8">
<subfield code="i">Online version:</subfield>
<subfield code="a">Baltistānī, Muḥsin ʻAlī, 1941-</subfield>
<subfield code="t">Nahj al-sawī fī maʻná al-mawlá wa-al-walī.</subfield>
<subfield code="d">al-Najaf : Maṭbaʻat al-Ādāb, [1968]</subfield>
<subfield code="w">(OCoLC)588824937</subfield>
</datafield>
<datafield tag="776" ind1="0" ind2="8">
<subfield code="i">Online version:</subfield>
<subfield code="a">Baltistānī, Muḥsin ʻAlī, 1941-</subfield>
<subfield code="t">Nahj al-sawī fī maʻná al-mawlá wa-al-walī.</subfield>
<subfield code="d">al-Najaf : Maṭbaʻat al-Ādāb, [1968]</subfield>
<subfield code="w">(OCoLC)592450774</subfield>
</datafield>
<datafield tag="880" ind1="1" ind2=" ">
<subfield code="6">100-01/</subfield>
<subfield code="a">بلتستاني، محسن علي،</subfield>
<subfield code="d">1941-</subfield>
</datafield>
<datafield tag="880" ind1="1" ind2="2">
<subfield code="6">245-02/</subfield>
<subfield code="a">النهج السوي في معنى المولى والولي</subfield>
<subfield code="b">يبحث فيه عن معنى المولى والولي في الحديث النبوي والآية كتابا وسنة وأدبا، ويتضمن بخوع أئمة اللغة وحملة العلم والأدب وصيارفة الأخبار والآثار للمعنى المتصدى إثباته.</subfield>
<subfield code="c">تأليف محسن علي البلتستاني الباكستاني.</subfield>
</datafield>
<datafield tag="880" ind1=" " ind2=" ">
<subfield code="6">260-03/</subfield>
<subfield code="a">النجف :</subfield>
<subfield code="b">مطبعة الاداب،</subfield>
<subfield code="c">1968.</subfield>
</datafield>
<datafield tag="880" ind1="0" ind2="4">
<subfield code="6">600-04/</subfield>
<subfield code="a">علي بن ابي طالب،</subfield>
<subfield code="c">Caliph,</subfield>
<subfield code="d">approximately 600-661.</subfield>
</datafield>
<datafield tag="OWN" ind1=" " ind2=" ">
<subfield code="a">GENERAL</subfield>
</datafield>
<datafield tag="AVA" ind1=" " ind2=" ">
<subfield code="a">NYU50</subfield>
<subfield code="b">BOBST</subfield>
<subfield code="c">Main Collection</subfield>
<subfield code="d">BP193.1 .B3 1968</subfield>
<subfield code="e">unavailable</subfield>
<subfield code="t">Unavailable</subfield>
<subfield code="f">1</subfield>
<subfield code="g">1</subfield>
<subfield code="h">N</subfield>
<subfield code="i">0</subfield>
<subfield code="j">MAIN</subfield>
<subfield code="k">0</subfield>
</datafield>
</record>
